@misc{Help:readOGR,
title = {{How to open a Shapefile in R?}},
date = {Version: 2017-05-16},
note = {\url{https://gis.stackexchange.com/questions/19064/how-to-open-a-shapefile-in-r}},
eprint = {\url{https://stackexchange.com/sites?expand=true#}}
}

@misc{Help:Polygon_Shapefile,
title = {{Checking if points fall within polygon Shapefile}},
date = {Version: 2017-05-16},
note = {\url{https://gis.stackexchange.com/questions/133625/checking-if-points-fall-within-polygon-shapefile}},
eprint = {\url{https://stackexchange.com/sites?expand=true#}}
}

@misc{Verification:tz,
title = {{Squamish time}},
date = {Version: 2017-05-16},
note = {\url{https://www.google.ca/maps/place/Squamish,+BC/@49.4961102,-123.3281868,8.92z/data=!4m13!1m7!3m6!1s0x5486f815ac782d73:0xafa96868495a11db!2sSquamish,+BC!3b1!8m2!3d49.7016339!4d-123.1558121!3m4!1s0x5486f815ac782d73:0xafa96868495a11db!8m2!3d49.7016339!4d-123.1558121}}
}

@misc{Help:over,
title = {{sp::over() for point in polygon analysis}},
date = {Version: 2017-05-16},
note = {\url{http://stackoverflow.com/questions/19002744/spover-for-point-in-polygon-analysis}},
eprint = {\url{https://stackexchange.com/sites?expand=true#}}
}

@misc{Help:factor_to_numeric_conversion,
title = {{How to convert a factor to an integer\numeric without a loss of information?}},
date = {Version: 2017-05-16},
note = {\url{http://stackoverflow.com/questions/3418128/how-to-convert-a-factor-to-an-integer-numeric-without-a-loss-of-information}},
eprint = {\url{https://stackexchange.com/sites?expand=true#}}
}

@misc{Help:maps_with_R,
title = {{Making Maps with R}},
date = {Version: 2017-05-16},
note = {\url{http://www.molecularecologist.com/2012/09/making-maps-with-r/}}
}

@misc{Verification:airport,
title = {{This Is How Empty Canada Really Is}},
date = {Version: 2017-05-16},
note = {\url{http://www.huffingtonpost.ca/2014/04/17/canada-empty-maps_n_5169055.html}}
}

@misc{Help:map_segment,
title = {{Enriching a ggplot2 plot with multiple geom_segment in a loop?}},
date = {Version: 2017-05-16},
note = {\url{http://stackoverflow.com/questions/24617414/enriching-a-ggplot2-plot-with-multiple-geom-segment-in-a-loop}},
eprint = {\url{https://stackexchange.com/sites?expand=true#}}
}

@misc{Help:scale_size_continuos,
title = {{ggplot2: how to manually adjust scale_area}},
date = {Version: 2017-05-16},
note = {\url{http://stackoverflow.com/questions/11517411/ggplot2-how-to-manually-adjust-scale-area}},
eprint = {\url{https://stackexchange.com/sites?expand=true#}}
}

@misc{Help:scatter_point,
title = {{Increase the size of variable-size points in ggplot2 scatter plot [duplicate]}},
date = {Version: 2017-05-16},
note = {\url{http://stackoverflow.com/questions/20251119/increase-the-size-of-variable-size-points-in-ggplot2-scatter-plot}},
eprint = {\url{https://stackexchange.com/sites?expand=true#}}
}

@misc{Verification:aiport_distance,
title = {{The flight distance from YUL to YQB}},
date = {Version: 2017-05-16},
note = {\url{http://www.travelmath.com/flying-distance/from/YUL/to/YQB}}
}

@misc{Verification:airport_time,
title = {{Vol Montréal – Toronto? Le train, une meilleure option.}},
date = {Version: 2017-05-16},
note = {\url{http://www.viarail.ca/fr/decouvrez-nos-destinations/trains/quebec-et-ontario/montreal-toronto/train-vol}}
}

@misc{Help:identification_object,
title = {{R object identification}},
date = {Version: 2017-05-16},
note = {\url{http://stackoverflow.com/questions/1177926/r-object-identification}},
eprint = {\url{https://stackexchange.com/sites?expand=true#}}
}

@misc{Help:readHTMLTable,
title = {{Reading HTML pages in R for text processing}},
date = {Version: 2017-05-16},
note = {\url{https://www.r-bloggers.com/reading-html-pages-in-r-for-text-processing/}},
eprint = {\url{https://www.r-bloggers.com}}
}

@misc{Help:HTML_table,
title = {{Scraping html tables into R data frames using the XML package}},
date = {Version: 2017-05-16},
note = {\url{http://stackoverflow.com/questions/1395528/scraping-html-tables-into-r-data-frames-using-the-xml-package}},
eprint = {\url{https://stackexchange.com/sites?expand=true#}}
}

@misc{Help:or_operators,
title = {{What is the difference between the | and || or operators?}},
date = {Version: 2017-05-16},
note = {\url{http://stackoverflow.com/questions/35301/what-is-the-difference-between-the-and-or-operators}},
eprint = {\url{https://stackexchange.com/sites?expand=true#}}
}

@misc{Help:metric_conversions,
title = {{Kilogrammes en Livres}},
date = {Version: 2017-05-16},
note = {\url{http://www.metric-conversions.org/fr/poids/kilogrammes-en-livres.htm}}
}

@misc{Help:Calcul_rabais,
title = {{How Sales Tax Applies to Discounts, Coupons & Promotions}},
date = {Version: 2017-05-16},
note = {\url{http://blog.taxjar.com/sales-tax-discounts-coupons-promotions/}}
}

@misc{Verification:Prix_shipping,
title = {{Get Rates & Transit Times}},
date = {Version: 2017-05-16},
note = {\url{https://www.fedex.com/ratefinder/home?source=gh&cc=ca&language=en}},
eprint = {\url{http://www.fedex.com/ca_english/}}
}

@misc{Help:3d_plot,
title = {{Interactive 3d plot, in R}},
date = {Version: 2017-05-16},
note = {\url{https://www.r-bloggers.com/interactive-3d-plot-in-r/}},
eprint = {\url{https://www.r-bloggers.com}}
}

@misc{Help:3d_plot_without_pause,
title = {{How to install and use scatter3d without pause in R 3.3.2?}},
date = {Version: 2017-05-16},
note = {\url{https://unix.stackexchange.com/questions/333747/how-to-install-and-use-scatter3d-without-pause-in-r-3-3-2}},
eprint = {\url{https://stackexchange.com/sites?expand=true#}}
}

@misc{Help:interactive_3d_plot,
title = {{Amazing interactive 3D scatter plots - R software and data visualization}},
date = {Version: 2017-05-16},
note = {\url{http://www.sthda.com/english/wiki/amazing-interactive-3d-scatter-plots-r-software-and-data-visualization}},
eprint = {\url{https://stackexchange.com/sites?expand=true#}}
}

@misc{Help:Correlation ,
title = {{Correlation and Linear Regression}},
date = {Version: 2017-05-16},
note = {\url{https://www.r-bloggers.com/correlation-and-linear-regression/}},
eprint = {\url{https://www.r-bloggers.com}}
}

@misc{Help:covariance,
title = {{Covariance}},
date = {Version: 2017-05-16},
note = {\url{http://www.r-tutor.com/elementary-statistics/numerical-measures/covariance}},
eprint = {\url{http://www.r-tutor.com}}
}

@misc{Help:Covariance_matrix_r,
title = {{MAKING A COVARIANCE MATRIX IN R}},
date = {Version: 2017-05-16},
note = {\url{http://stats.seandolinar.com/making-a-covariance-matrix-in-r/}},
eprint = {\url{http://stats.seandolinar.com}}
}

@misc{Help:colorsR,
title = {{How to generate a number of most distinctive colors in R?}},
date = {Version: 2017-05-16},
note = {\url{http://stackoverflow.com/questions/15282580/how-to-generate-a-number-of-most-distinctive-colors-in-r}},
eprint = {\url{https://stackexchange.com/sites?expand=true#}}
}

@misc{Help:deviance,
title = {{What is Deviance? (specifically in CART/rpart)}},
date = {Version: 2017-05-16},
note = {\url{https://stats.stackexchange.com/questions/6581/what-is-deviance-specifically-in-cart-rpart}},
eprint = {\url{https://stackexchange.com/sites?expand=true#}}
}

@misc{Help:fit.distr,
title = {{Fitting distributions with R}},
date = {Version: 2017-05-16},
note = {\url{http://www.magesblog.com/2011/12/fitting-distributions-with-r.html}}
}

@misc{Help:chisq.test,
title = {{Testing Independence in a 2-d table with R}},
date = {Version: 2017-05-16},
note = {\url{http://www.utstat.toronto.edu/~brunner/oldclass/312f12/lectures/312f12Independence1.pdf}},
eprint = {\url{http://www.utstat.utoronto.ca}}
}

@misc{Help:stop_lapply,
title = {{http://stackoverflow.com/questions/12984991/stop-lapply-from-printing-to-console}},
date = {Version: 2017-05-16},
note = {\url{Stop lapply from printing to console}},
eprint = {\url{https://stackexchange.com/sites?expand=true#}}
}
