@Manual{Rfunction:setwd ,
title = {Get or Set Working Directory},
url = {https://stat.ethz.ch/R-manual/R-devel/library/base/html/getwd.html},
eprint = {https://www.rdocumentation.org},
organization = {R documentation},
language = {english}
}

@Manual{Rfunction:table,
title = {Cross Tabulation and Table Creation},
url = {https://stat.ethz.ch/R-manual/R-devel/library/base/html/table.html},
eprint = {https://www.rdocumentation.org}, 
organization = {R documentation}, 
language = {english}
}

@Manual{Rfunction:View,
title = {Invoke a Data Viewer},
url = {https://stat.ethz.ch/R-manual/R-devel/library/utils/html/View.html},
eprint = {https://www.rdocumentation.org}, 
organization = {R documentation}, 
language = {english}
}

@Manual{Rfunction:summary,
title = {Object Summaries},
url = {https://stat.ethz.ch/R-manual/R-devel/library/base/html/summary.html},
eprint = {https://www.rdocumentation.org}, 
organization = {R documentation}, 
language = {english}
}

@Manual{Rfunction:head,
title = {Return the First or Last Part of an Object},
url = {https://stat.ethz.ch/R-manual/R-devel/library/utils/html/head.html},
eprint = {https://www.rdocumentation.org}, 
organization = {R documentation}, 
language = {english}
}

@Manual{Rfunction:substr,
title = {Substrings of a Character Vector},
url = {https://stat.ethz.ch/R-manual/R-devel/library/base/html/substr.html},
eprint = {https://www.rdocumentation.org}, 
organization = {R documentation}, 
language = {english}
}

@Manual{ Rfunction:character,
title = {Character Vectors},
url = {https://stat.ethz.ch/R-manual/R-devel/library/base/html/character.html},
eprint = {https://www.rdocumentation.org}, 
organization = {R documentation}, 
language = {english}}

@Manual{Rfunction:as.character,
title = {Character Vectors},
url = {https://stat.ethz.ch/R-manual/R-devel/library/base/html/character.html},
eprint = {https://www.rdocumentation.org}, 
organization = {R documentation}, 
language = {english}
}

@Manual{Rfunction:as.factor,
title = {Factors},
url = {https://stat.ethz.ch/R-manual/R-devel/library/base/html/factor.html},
eprint = {https://www.rdocumentation.org}, 
organization = {R documentation}, 
language = {english}
}

@Manual{Rfunction:as.numeric,
title = {Numeric Vectors},
url = {https://stat.ethz.ch/R-manual/R-devel/library/base/html/numeric.html},
eprint = {https://www.rdocumentation.org}, 
organization = {R documentation}, 
language = {english}
}

@Manual{Rfunction:over,
author = {Edzer Pebesma}
title = {Map overlay and
spatial aggregation in sp},
url = {https://cran.r-project.org/web/packages/sp/vignettes/over.pdf},
eprint = {https://www.rdocumentation.org}, 
organization = {R documentation}, 
language = {english}
}

@Manual{Rfunction:readOGR,
title = {Read OGR Vector Maps Into Spatial Objects},
url = {https://www.rdocumentation.org/packages/rgdal/versions/1.2-7/topics/readOGR},
eprint = {https://www.rdocumentation.org}, 
organization = {R documentation}, 
language = {english}
}

@Manual{Rfunction:SpatialPoints,
author = {Edzer Pebesma and Roger S. Bivand}
title = {Classes and Methods for Spatial Data:the sp Package},
url = {https://cran.r-project.org/web/packages/sp/vignettes/intro_sp.pdf},
eprint = {https://www.rdocumentation.org}, 
organization = {R documentation}, 
language = {english}
}

@Manual{Rfunction:CSR,
title = {Class "CRS" Of Coordinate Reference System Arguments},
url = {https://www.rdocumentation.org/packages/sp/versions/1.2-4/topics/CRS-class},
eprint = {https://www.rdocumentation.org}, 
organization = {R documentation}, 
language = {english}
}

@Manual{Rfunction:rename,
title = {Modify Names By Name, Not Position.},
url = {https://www.rdocumentation.org/packages/plyr/versions/1.8.4/topics/rename},
eprint = {https://www.rdocumentation.org}, 
organization = {R documentation},
language = {english}
}

@Manual{Language:sql,
title = {Structured Query Language},
url = {https://fr.wikipedia.org/wiki/Structured_Query_Language},
organization = {Wikipédia},
language = {english}
}

@Manual{Rfunction:as.matrix,
title = {Matrices},
url = {https://stat.ethz.ch/R-manual/R-devel/library/base/html/matrix.html},
eprint = {https://www.rdocumentation.org}, 
organization = {R documentation},
language = {english}
}

@Manual{Rfunction:unique,
title = {Extract Unique Elements},
url = {https://stat.ethz.ch/R-manual/R-devel/library/base/html/unique.html},
eprint = {https://www.rdocumentation.org}, 
organization = {R documentation},
language = {english}
}

@Manual{Rfunction:get_map,
title = {Grab A Map},
url = {https://www.rdocumentation.org/packages/ggmap/versions/2.6.1/topics/get_map},
eprint = {https://www.rdocumentation.org}, 
organization = {R documentation},
language = {english}
}

@Manual{Rfunction:paste,
title = {Concatenate Strings},
url = {https://stat.ethz.ch/R-manual/R-devel/library/base/html/paste.html},
eprint = {https://www.rdocumentation.org}, 
organization = {R documentation},
language = {english}
}

@Manual{Rfunction:geom_point,
title = {geom_point},
url = {http://svitsrv25.epfl.ch/R-doc/library/ggplot2/html/geom_point.html},
eprint = {https://www.rdocumentation.org}, 
organization = {R documentation},
language = {english}
}

@Manual{Rfunction:geom_segment,
title = {geom_segment},
url = {http://svitsrv25.epfl.ch/R-doc/library/ggplot2/html/geom_segment.html},
eprint = {https://www.rdocumentation.org}, 
organization = {R documentation},
language = {english}
}

@Manual{Rfunction:ecdf,
title = {Empirical Cumulative Distribution Function},
url = {https://stat.ethz.ch/R-manual/R-devel/library/stats/html/ecdf.html},
eprint = {https://www.rdocumentation.org}, 
organization = {R documentation},
language = {english}
}

@Manual{Rfunction:format,
title = {Encode in a Common Format},
url = {https://stat.ethz.ch/R-manual/R-devel/library/base/html/format.html},
eprint = {https://www.rdocumentation.org}, 
organization = {R documentation},
language = {english}
}

@Manual{Rfunction:par,
title = {Set or Query Graphical Parameters},
url = {https://stat.ethz.ch/R-manual/R-devel/library/graphics/html/par.html},
eprint = {https://www.rdocumentation.org}, 
organization = {R documentation},
language = {english}
}

@Manual{Rfunction:curve,
title = {Draw Function Plots},
url = {https://www.math.ucla.edu/~anderson/rw1001/library/base/html/curve.html},
eprint = {https://www.rdocumentation.org}, 
organization = {R documentation},
language = {english}
}

@Manual{Rfunction:stop,
title = {Stop Function Execution},
url = {https://stat.ethz.ch/R-manual/R-devel/library/base/html/stop.html},
eprint = {https://www.rdocumentation.org}, 
organization = {R documentation},
language = {english}
}

@Misc{Vitesse croisière d'un Airbus A320-200,
url = {https://www.aircanada.com/ca/fr/aco/home/fly/onboard/fleet.html},
note = {Section Caractéristiques techniques}
}

@Manual{Rfunction:ms,
title = {Create A Period With The Specified Number Of Minutes And Seconds},
url = {https://www.rdocumentation.org/packages/lubridate/versions/1.3.0/topics/ms},
eprint = {https://www.rdocumentation.org}, 
organization = {R documentation},
language = {english}
}

@Manual{Rfunction:with_tz,
title = {Get Date-Time In A Different Time Zone},
url = {https://www.rdocumentation.org/packages/lubridate/versions/1.6.0/topics/with_tz},
eprint = {https://www.rdocumentation.org}, 
organization = {R documentation},
language = {english}
}

@Manual{Rfunction:Sys.time,
title = {Get Current Date and Time},
url = {https://stat.ethz.ch/R-manual/R-devel/library/base/html/Sys.time.html},
eprint = {https://www.rdocumentation.org}, 
organization = {R documentation},
language = {english}
}

@Manual{Rfunction:as.POSIX,
title = {Date-time Conversion Functions},
url = {https://stat.ethz.ch/R-manual/R-devel/library/base/html/as.POSIXlt.html},
eprint = {https://www.rdocumentation.org}, 
organization = {R documentation},
language = {english}
}

@Manual{Rfunction:sub,
title = {Pattern Matching and Replacement},
url = {http://astrostatistics.psu.edu/su07/R/html/base/html/grep.html},
eprint = {https://www.rdocumentation.org}, 
organization = {R documentation},
language = {english}
}

@Manual{Rfunction:getURL,
title = {Download A URI},
url = {https://www.rdocumentation.org/packages/RCurl/versions/1.95-4.8/topics/getURL},
eprint = {https://www.rdocumentation.org}, 
organization = {R documentation},
language = {english}
}

@Manual{Rfunction:ifelse,
title = {Conditional Element Selection},
url = {https://stat.ethz.ch/R-manual/R-devel/library/base/html/ifelse.html},
eprint = {https://www.rdocumentation.org}, 
organization = {R documentation},
language = {english}
}

@Manual{Rfunction:switch,
title = {Select One of a List of Alternatives},
url = {https://stat.ethz.ch/R-manual/R-devel/library/base/html/switch.html},
eprint = {https://www.rdocumentation.org}, 
organization = {R documentation},
language = {english}
}

@Manual{Rfunction:pmax,
title = {Maxima and Minima},
url = {https://stat.ethz.ch/R-manual/R-devel/library/base/html/Extremes.html},
eprint = {https://www.rdocumentation.org}, 
organization = {R documentation},
language = {english}
}

@Manual{Rfunction:text,
title = {Add Text to a Plot},
url = {https://stat.ethz.ch/R-manual/R-devel/library/graphics/html/text.html},
eprint = {https://www.rdocumentation.org}, 
organization = {R documentation},
language = {english}
}

@Manual{Rfunction:hist,
title = {Histograms},
url = {https://stat.ethz.ch/R-manual/R-devel/library/graphics/html/hist.html},
eprint = {https://www.rdocumentation.org}, 
organization = {R documentation},
language = {english}
}

@Manual{Rfunction:plot,
title = {Generic X-Y Plotting},
url = {https://stat.ethz.ch/R-manual/R-devel/library/graphics/html/plot.html},
eprint = {https://www.rdocumentation.org}, 
organization = {R documentation},
language = {english}
}

@Manual{Rfunction:cut,
title = {Convert Numeric to Factor},
url = {https://stat.ethz.ch/R-manual/R-devel/library/base/html/cut.html},
eprint = {https://www.rdocumentation.org}, 
organization = {R documentation},
language = {english}
}

@Manual{Rfunction:chisq.test,
title = {Pearson's Chi-squared Test for Count Data},
url = {https://stat.ethz.ch/R-manual/R-devel/library/stats/html/chisq.test.html},
eprint = {https://www.rdocumentation.org}, 
organization = {R documentation},
language = {english}
}

@Manual{Rfunction:cor,
title = {Correlation, Variance and Covariance (Matrices)},
url = {https://stat.ethz.ch/R-manual/R-devel/library/stats/html/cor.html},
eprint = {https://www.rdocumentation.org}, 
organization = {R documentation},
language = {english}
}

@Manual{Rfunction:cor.test,
title = {Chi-squared Test of Independence},
url = {http://www.r-tutor.com/elementary-statistics/goodness-fit/chi-squared-test-independence},
eprint = {https://www.rdocumentation.org}, 
organization = {R documentation},
language = {english}
}

@Manual{Rfunction:lm,
title = {Fitting Linear Models},
url = {https://stat.ethz.ch/R-manual/R-devel/library/stats/html/lm.html},
eprint = {https://www.rdocumentation.org}, 
organization = {R documentation},
language = {english}
}

@Manual{Rfunction:tolower,
title = {Character Translation and Casefolding},
url = {https://stat.ethz.ch/R-manual/R-devel/library/base/html/chartr.html},
eprint = {https://www.rdocumentation.org}, 
organization = {R documentation},
language = {english}
}

@Manual{Rfunction:do.call,
title = {Execute a Function Call},
url = {https://stat.ethz.ch/R-manual/R-devel/library/base/html/do.call.html},
eprint = {https://www.rdocumentation.org}, 
organization = {R documentation},
language = {english}
}

@Manual{Rfunction:eval,
title = {Evaluate an (Unevaluated) Expression},
url = {https://stat.ethz.ch/R-manual/R-devel/library/base/html/eval.html},
eprint = {https://www.rdocumentation.org}, 
organization = {R documentation},
language = {english}
}

@Manual{Rfunction:optim,
title = {General-purpose Optimization},
url = {https://stat.ethz.ch/R-manual/R-devel/library/stats/html/optim.html},
eprint = {https://www.rdocumentation.org}, 
organization = {R documentation},
language = {english}
}

@Manual{Rfunction:invisible,
title = {Change the Print Mode to Invisible},
url = {https://stat.ethz.ch/R-manual/R-devel/library/base/html/invisible.html},
eprint = {https://www.rdocumentation.org}, 
organization = {R documentation},
language = {english}
}

@Manual{Rfunction:legend,
title = {Add Legends to Plots},
url = {https://stat.ethz.ch/R-manual/R-devel/library/graphics/html/legend.html},
eprint = {https://www.rdocumentation.org}, 
organization = {R documentation},
language = {english}
}

@Manual{Rfunction:mtext,
title = {Write Text into the Margins of a Plot},
url = {https://stat.ethz.ch/R-manual/R-devel/library/graphics/html/mtext.html},
eprint = {https://www.rdocumentation.org}, 
organization = {R documentation},
language = {english}
}

@Manual{Rfunction:try,
title = {Try an Expression Allowing Error Recovery},
url = {https://stat.ethz.ch/R-manual/R-devel/library/base/html/try.html},
eprint = {https://www.rdocumentation.org}, 
organization = {R documentation},
language = {english}
}

@Manual{Rfunction:predict,
title = {Predict method for Linear Model Fits},
url = {https://stat.ethz.ch/R-manual/R-devel/library/stats/html/predict.lm.html},
eprint = {https://www.rdocumentation.org}, 
organization = {R documentation},
language = {english}
}

@Manual{Rfunction:rbind,
title = {Combine R Objects by Rows or Columns},
url = {https://stat.ethz.ch/R-manual/R-devel/library/base/html/cbind.html},
eprint = {https://www.rdocumentation.org}, 
organization = {R documentation},
language = {english}
}

@Manual{Rfunction:sample,
title = {Random Samples and Permutations},
url = {https://stat.ethz.ch/R-manual/R-devel/library/base/html/sample.html},
eprint = {https://www.rdocumentation.org}, 
organization = {R documentation},
language = {english}
}

@Manual{Rfunction:sapply,
title = {Apply a Function over a List or Vector},
url = {https://stat.ethz.ch/R-manual/R-devel/library/base/html/lapply.html},
eprint = {https://www.rdocumentation.org}, 
organization = {R documentation},
language = {english}
}

@misc{List of color name,
title = {Colors in R},
url = {http://www.stat.columbia.edu/~tzheng/files/Rcolor.pdf}
}

@misc{RQC2017,
title = {R à Québec 2017},
url = {http://raquebec.ulaval.ca/2017/programme-r-a-quebec-2017}
}