@Manual{Rpackage:sp,
author = {Edzer Pebesma and Roger Bivand},
title = {Classes and Methods for Spatial Data},
year = 2016,
url = {https://cran.r-project.org/web/packages/sp/index.html},
language = {english}}

@Manual{Rpackage:rgdal ,
author = {Roger Bivand and  Tim Keitt and  Barry Rowlingson},
title = {Bindings for the Geospatial Data Abstraction Library},
year = 2017,
url = {https://cran.r-project.org/web/packages/rgdal/index.html},
language = {english}}

@Manual{Rpackage:sqldf,
author = {G. Grothendieck},
title = {Perform SQL Selects on R Data Frames},
year = 2014,
url = {https://cran.r-project.org/web/packages/sqldf/index.html},
language = {english}}

@Manual{Rpackage:plyr,
author = {Hadley Wickham},
title = {Tools for Splitting, Applying and Combining Data},
year = 2016,
url = {https://cran.r-project.org/web/packages/plyr/index.html},
language = {english}}

@Manual{Rpackage:ggmap,
author = {David Kahle and Hadley Wickham},
title = {Spatial Visualization with ggplot2},
year = 2016,
url = {https://cran.r-project.org/web/packages/ggmap/index.html},
language = {english}}

@Manual{Rpackage:geosphere ,
author = {Robert J. Hijmans},
title = {Spherical Trigonometry},
year = 2016,
url = {https://cran.r-project.org/web/packages/geosphere/index.html},
language = {english}}

@Manual{Rpackage:lubridate,
author = {Garret Grolemund and Vitalie Spinu and Hadley Wickham},
title = {Make Dealing with Dates a Little Easier},
year = 2016,
url = {https://cran.r-project.org/web/packages/lubridate/index.html},
language = {english}}

@Manual{Rpackage:XML,
author = {Duncan Temple Lang and the CRAN Team},
title = {Tools for Parsing and Generating XML Within R and S-Plus},
year = 2017,
url = {https://cran.r-project.org/web/packages/XML/index.html},
language = {english}}

@Manual{ RCurl,
author = {Duncan Temple Lang and the CRAN Team},
title = {General Network (HTTP/FTP/...) Client Interface for R},
year = 2016,
url = {https://cran.r-project.org/web/packages/RCurl/index.html},
language = {english}}

@Manual{Rpackage:rlist,
author = {Kun Ren},
title = {A Toolbox for Non-Tabular Data Manipulation},
year = 2016,
url = {https://cran.r-project.org/web/packages/rlist/index.html},
language = {english}}

@Manual{Rpackage:rgl,
author = {Daniel Adler and  Duncan Murdoch and others},
title = {3D Visualization Using OpenGL},
year = 2017,
url = {https://cran.r-project.org/web/packages/rgl/index.html},
language = {english}}

@Manual{Rpackage:actuar,
author = {Vincent Goulet and Mathieu Pigeon},
title = {Actuarial Functions and Heavy Tailed Distributions},
year = 2017,
url = {https://cran.r-project.org/web/packages/actuar/index.html},
language = {english}}

@Manual{Rpackage:MASS,
author = {Brian Ripley},
title = {Support Functions and Datasets for Venables and Ripley's MASS},
year = 2017,
url = {https://cran.r-project.org/web/packages/MASS/index.html},
language = {english}}
