@misc{ RQC2017,
title = {R à Québec 2017},
url = {http://raquebec.ulaval.ca/2017/programme-r-a-quebec-2017}}