@misc{css:fontAwesome,
title = {{Font Awesome - The iconic font and CSS toolkit}},
note = {\url{http://fontawesome.io/}}}
