@Misc{data:efele:timezone,
title = {{A shapefile of the TZ timezones of the world}},
note = {\url{http://efele.net/maps/tz/world/}},
date = {2016},
author = {Eric Muller},
language = {english}}

@Misc{data:OpenStreetMap:timezone,
title = {{timezone-boundary-builder}},
note = {\url{https://github.com/evansiroky/timezone-boundary-builder}},
date = {2016},
author = {Evan Siroky},
language = {english}}

@Misc{data:StatCan:boundariesCanada,
title = {{Boundary Files, Reference Guide}}, 
note = {\url{http://www.statcan.gc.ca/pub/92-160-g/92-160-g2011002-eng.htm}},
date = {2011},
author = {Statistics Canada},
language = {english}}

@Misc{data:benchmark,
title = {{benchmark.csv}},
note = {\url{https://github.com/vigou3/raquebec-intro/blob/master/Reference/benchmark.csv}},
date = {2017},
author = {David Beauchemin and Samuel Cabral Cruz},
language = {english}}

@Misc{data:OpenFlights:airports,
title = {{OpenFlights airports.dat}},
note = {\url{https://raw.githubusercontent.com/jpatokal/openflights/master/data/airports.dat}},
date = {2017},
author = {Jani Patokallio},
language = {english}}

@Misc{data:OpenFlights:routes,
title = {{OpenFlights routes.dat}},
note = {\url{https://raw.githubusercontent.com/jpatokal/openflights/master/data/routes.dat}},
date = {2012},
author = {Jani Patokallio},
language = {english}}

@Misc{data:OpenFlights:airlines,
title = {{OpenFlights airlines.dat}},
note = {\url{https://raw.githubusercontent.com/jpatokal/openflights/master/data/airlines.dat}},
date = {2012},
author = {Jani Patokallio},
language = {english}}

@misc{data:OpenFlights:data,
title = {{OpenFlights}},
note = {\url{https://openflights.org/data.html}}}