@Misc{Data:tzWorldwide,
title = {{A shapefile of the TZ timezones of the world}},
note = {\url{http://efele.net/maps/tz/world/}},
date = {2016},
author = {Eric Muller},
language = {english}}

@Misc{Data:BoundaryFiles,
title = {{Boundary Files, Reference Guide}}, 
note = {\url{http://www.statcan.gc.ca/pub/92-160-g/92-160-g2011002-eng.htm}},
date = {2011},
author = {Statistics Canada},
language = {english}}

@Misc{TaxesCanada,
title = {{Harmonized sales tax calculator GST / PST or HST}},
note = {\url{http://www.calculconversion.com/sales-tax-calculator-hst-gst.html}},
date = {2017},
language = {english}}

@Misc{Data:Benchmark,
note = {\url{https://github.com/vigou3/raquebec-intro/blob/master/Reference/benchmark.csv}},
date = {2017},
author = {David Beauchemin and Samuel Cabral Cruz},
language = {english}}

@Misc{Data:AirportWorldwide,
title = {{Airport database}},
note = {\url{https://raw.githubusercontent.com/jpatokal/openflights/master/data/airports.dat}},
date = {2017},
author = {Jani Patokallio},
language = {english}}

@Misc{Data:RouteWorldwide,
title = {{Route database}},
note = {\url{https://raw.githubusercontent.com/jpatokal/openflights/master/data/routes.dat}},
date = {2012},
author = {Jani Patokallio},
language = {english}}

@Misc{Data:ArilineWorldwide,
title = {{Airline database}},
note = {\url{https://raw.githubusercontent.com/jpatokal/openflights/master/data/airlines.dat}},
date = {2012},
author = {Jani Patokallio},
language = {english}}
