@misc{general:csvVSdat,
title = {{CSV vs. Delimited Flat Files: How to Choose}},
note = {\url{http://www.thoughtspot.com/blog/csv-vs-delimited-flat-files-how-choose}}}

@misc{codingGame,
title = {{Top Programming Languages to Learn in 2017}},
note = {\url{https://www.codingame.com/blog/top-programming-languages-to-learn-in-2017/}}}
