@misc{geo:extensionSIG,
title = {{A quoi correspondent les extensions *.shp, *.dbf, *.prj, *.sbn, *.sbx et *.shx ?}},
note = {\url{http://www.portailsig.org/content/quoi-correspondent-les-extensions-shp-dbf-prj-sbn-sbx-et-shx}}}

@misc{geo:projectionSIG,
title = {{Projection (Syst√®me de)}},
note = {\url{http://www.emse.fr/tice/uved/SIG/Glossaire/co/Projection.html}}}
