@misc{html:table,
title = {{w3schools.com - HTML Tables}},
note = {\url{https://www.w3schools.com/html/html_tables.asp}}}
