@misc{js:leaflet,
title = {{Leaflet}},
note = {\url{https://www.npmjs.com/package/leaflet}}}
