@Manual{Rfunction:setwd,
title = {{Get or Set Working Directory}},
note = {\url{https://stat.ethz.ch/R-manual/R-devel/library/base/html/getwd.html}},
eprint = {\url{https://www.rdocumentation.org}},
organization = {R documentation},
language = {english}}

@Manual{Rfunction:table,
title = {{Cross Tabulation and Table Creation}},
note = {\url{https://stat.ethz.ch/R-manual/R-devel/library/base/html/table.html}},
eprint = {\url{https://www.rdocumentation.org}}, 
organization = {R documentation}, 
language = {english}}

@Manual{Rfunction:View,
title = {{Invoke a Data Viewer}},
note = {\url{https://stat.ethz.ch/R-manual/R-devel/library/utils/html/View.html}},
eprint = {\url{https://www.rdocumentation.org}}, 
organization = {R documentation}, 
language = {english}}

@Manual{Rfunction:summary,
title = {{Object Summaries}},
note = {\url{https://stat.ethz.ch/R-manual/R-devel/library/base/html/summary.html}},
eprint = {\url{https://www.rdocumentation.org}}, 
organization = {R documentation}, 
language = {english}}

@Manual{Rfunction:head,
title = {{Return the First or Last Part of an Object}},
note = {\url{https://stat.ethz.ch/R-manual/R-devel/library/utils/html/head.html}},
eprint = {\url{https://www.rdocumentation.org}}, 
organization = {R documentation}, 
language = {english}}

@Manual{Rfunction:substr,
title = {{Substrings of a Character Vector}},
note = {\url{https://stat.ethz.ch/R-manual/R-devel/library/base/html/substr.html}},
eprint = {\url{https://www.rdocumentation.org}}, 
organization = {R documentation}, 
language = {english}}

@Manual{ Rfunction:character,
title = {{Character Vectors}},
note = {\url{https://stat.ethz.ch/R-manual/R-devel/library/base/html/character.html}},
eprint = {\url{https://www.rdocumentation.org}}, 
organization = {R documentation}, 
language = {english}}

@Manual{Rfunction:as.character,
title = {{Character Vectors}},
note = {\url{https://stat.ethz.ch/R-manual/R-devel/library/base/html/character.html}},
eprint = {\url{https://www.rdocumentation.org}}, 
organization = {R documentation}, 
language = {english}}

@Manual{Rfunction:as.factor,
title = {{Factors}},
note = {\url{https://stat.ethz.ch/R-manual/R-devel/library/base/html/factor.html}},
eprint = {\url{https://www.rdocumentation.org}}, 
organization = {R documentation}, 
language = {english}}

@Manual{Rfunction:as.numeric,
title = {{Numeric Vectors}},
note = {\url{https://stat.ethz.ch/R-manual/R-devel/library/base/html/numeric.html}},
eprint = {\url{https://www.rdocumentation.org}}, 
organization = {R documentation}, 
language = {english}}

@Manual{Rfunction:over,
author = {Edzer Pebesma},
title = {{Map overlay and
spatial aggregation in sp}},
note = {\url{https://cran.r-project.org/web/packages/sp/vignettes/over.pdf}},
eprint = {\url{https://www.rdocumentation.org}}, 
organization = {R documentation}, 
language = {english}}

@Manual{Rfunction:readOGR,
title = {{Read OGR Vector Maps Into Spatial Objects}},
note = {\url{https://www.rdocumentation.org/packages/rgdal/versions/1.2-7/topics/readOGR}},
eprint = {\url{https://www.rdocumentation.org}}, 
organization = {R documentation}, 
language = {english}}

@Manual{Rfunction:SpatialPoints,
author = {Edzer Pebesma and Roger S. Bivand},
title = {{Classes and Methods for Spatial Data:the sp Package}},
note = {\url{https://cran.r-project.org/web/packages/sp/vignettes/intro_sp.pdf}},
eprint = {\url{https://www.rdocumentation.org}}, 
organization = {R documentation}, 
language = {english}}

@Manual{Rfunction:CSR,
title = {{Class "CRS" Of Coordinate Reference System Arguments}},
note = {\url{https://www.rdocumentation.org/packages/sp/versions/1.2-4/topics/CRS-class}},
eprint = {\url{https://www.rdocumentation.org}}, 
organization = {R documentation}, 
language = {english}}

@Manual{Rfunction:rename,
title = {{Modify Names By Name, Not Position.}},
note = {\url{https://www.rdocumentation.org/packages/plyr/versions/1.8.4/topics/rename}},
eprint = {\url{https://www.rdocumentation.org}}, 
organization = {R documentation},
language = {english}}

@Manual{Language:sql,
title = {{Structured Query Language}},
note = {\url{https://fr.wikipedia.org/wiki/Structured_Query_Language}},
organization = {Wikipédia},
language = {english}}

@Manual{Rfunction:as.matrix,
title = {{Matrices}},
note = {\url{https://stat.ethz.ch/R-manual/R-devel/library/base/html/matrix.html}},
eprint = {\url{https://www.rdocumentation.org}}, 
organization = {R documentation},
language = {english}}

@Manual{Rfunction:unique,
title = {{Extract Unique Elements}},
note = {\url{https://stat.ethz.ch/R-manual/R-devel/library/base/html/unique.html}},
eprint = {\url{https://www.rdocumentation.org}}, 
organization = {R documentation},
language = {english}}

@Manual{Rfunction:get_map,
title = {{Grab A Map}},
note = {\url{https://www.rdocumentation.org/packages/ggmap/versions/2.6.1/topics/get_map}},
eprint = {\url{https://www.rdocumentation.org}}, 
organization = {R documentation},
language = {english}}

@Manual{Rfunction:paste,
title = {{Concatenate Strings}},
note = {\url{https://stat.ethz.ch/R-manual/R-devel/library/base/html/paste.html}},
eprint = {\url{https://www.rdocumentation.org}}, 
organization = {R documentation},
language = {english}}

@Manual{Rfunction:geom_point,
title = {{geom_point}},
note = {\url{http://svitsrv25.epfl.ch/R-doc/library/ggplot2/html/geom_point.html}},
eprint = {\url{https://www.rdocumentation.org}}, 
organization = {R documentation},
language = {english}}

@Manual{Rfunction:geom_segment,
title = {{geom_segment}},
note = {\url{http://svitsrv25.epfl.ch/R-doc/library/ggplot2/html/geom_segment.html}},
eprint = {\url{https://www.rdocumentation.org}}, 
organization = {R documentation},
language = {english}}

@Manual{Rfunction:ecdf,
title = {{Empirical Cumulative Distribution Function}},
note = {\url{https://stat.ethz.ch/R-manual/R-devel/library/stats/html/ecdf.html}},
eprint = {\url{https://www.rdocumentation.org}}, 
organization = {R documentation},
language = {english}}

@Manual{Rfunction:format,
title = {{Encode in a Common Format}},
note = {\url{https://stat.ethz.ch/R-manual/R-devel/library/base/html/format.html}},
eprint = {\url{https://www.rdocumentation.org}}, 
organization = {R documentation},
language = {english}}

@Manual{Rfunction:curve,
title = {{Draw Function Plots}},
note = {\url{https://www.math.ucla.edu/~anderson/rw1001/library/base/html/curve.html}},
eprint = {\url{https://www.rdocumentation.org}}, 
organization = {R documentation},
language = {english}}

@Manual{Rfunction:stop,
title = {{Stop Function Execution}},
note = {\url{https://stat.ethz.ch/R-manual/R-devel/library/base/html/stop.html}},
eprint = {\url{https://www.rdocumentation.org}}, 
organization = {R documentation},
language = {english}}

@Misc{A320_200,
note = {\url{https://www.aircanada.com/ca/fr/aco/home/fly/onboard/fleet.html}},
note = {Section Caractéristiques techniques}}

@Manual{Rfunction:ms,
title = {{Create A Period With The Specified Number Of Minutes And Seconds}},
note = {\url{https://www.rdocumentation.org/packages/lubridate/versions/1.3.0/topics/ms}},
eprint = {\url{https://www.rdocumentation.org}}, 
organization = {R documentation},
language = {english}}

@Manual{Rfunction:with_tz,
title = {{Get Date-Time In A Different Time Zone}},
note = {\url{https://www.rdocumentation.org/packages/lubridate/versions/1.6.0/topics/with_tz}},
eprint = {\url{https://www.rdocumentation.org}}, 
organization = {R documentation},
language = {english}}

@Manual{Rfunction:Sys.time,
title = {{Get Current Date and Time}},
note = {\url{https://stat.ethz.ch/R-manual/R-devel/library/base/html/Sys.time.html}},
eprint = {\url{https://www.rdocumentation.org}}, 
organization = {R documentation},
language = {english}}

@Manual{Rfunction:as.POSIX,
title = {{Date-time Conversion Functions}},
note = {\url{https://stat.ethz.ch/R-manual/R-devel/library/base/html/as.POSIXlt.html}},
eprint = {\url{https://www.rdocumentation.org}}, 
organization = {R documentation},
language = {english}}

@Manual{Rfunction:sub,
title = {{Pattern Matching and Replacement}},
note = {\url{http://astrostatistics.psu.edu/su07/R/html/base/html/grep.html}},
eprint = {\url{https://www.rdocumentation.org}}, 
organization = {R documentation},
language = {english}}

@Manual{Rfunction:getURL,
title = {{Download A URI}},
note = {\url{https://www.rdocumentation.org/packages/RCurl/versions/1.95-4.8/topics/getURL}},
eprint = {\url{https://www.rdocumentation.org}}, 
organization = {R documentation},
language = {english}}

@Manual{Rfunction:ifelse,
title = {{Conditional Element Selection}},
note = {\url{https://stat.ethz.ch/R-manual/R-devel/library/base/html/ifelse.html}},
eprint = {\url{https://www.rdocumentation.org}}, 
organization = {R documentation},
language = {english}}

@Manual{Rfunction:switch,
title = {{Select One of a List of Alternatives}},
note = {\url{https://stat.ethz.ch/R-manual/R-devel/library/base/html/switch.html}},
eprint = {\url{https://www.rdocumentation.org}}, 
organization = {R documentation},
language = {english}}

@Manual{Rfunction:pmax,
title = {{Maxima and Minima}},
note = {\url{https://stat.ethz.ch/R-manual/R-devel/library/base/html/Extremes.html}},
eprint = {\url{https://www.rdocumentation.org}}, 
organization = {R documentation},
language = {english}}

@Manual{Rfunction:text,
title = {{Add Text to a Plot}},
note = {\url{https://stat.ethz.ch/R-manual/R-devel/library/graphics/html/text.html}},
eprint = {\url{https://www.rdocumentation.org}}, 
organization = {R documentation},
language = {english}}

@Manual{Rfunction:hist,
title = {{Histograms}},
note = {\url{https://stat.ethz.ch/R-manual/R-devel/library/graphics/html/hist.html}},
eprint = {\url{https://www.rdocumentation.org}}, 
organization = {R documentation},
language = {english}}

@Manual{Rfunction:cut,
title = {{Convert Numeric to Factor}},
note = {\url{https://stat.ethz.ch/R-manual/R-devel/library/base/html/cut.html}},
eprint = {\url{https://www.rdocumentation.org}}, 
organization = {R documentation},
language = {english}}

@Manual{Rfunction:chisq.test,
title = {{Pearson's Chi-squared Test for Count Data}},
note = {\url{https://stat.ethz.ch/R-manual/R-devel/library/stats/html/chisq.test.html}},
eprint = {\url{https://www.rdocumentation.org}}, 
organization = {R documentation},
language = {english}}

@Manual{Rfunction:cor,
title = {{Correlation, Variance and Covariance (Matrices)}},
note = {\url{https://stat.ethz.ch/R-manual/R-devel/library/stats/html/cor.html}},
eprint = {\url{https://www.rdocumentation.org}}, 
organization = {R documentation},
language = {english}}

@Manual{Rfunction:cor.test,
title = {{Chi-squared Test of Independence}},
note = {\url{http://www.r-tutor.com/elementary-statistics/goodness-fit/chi-squared-test-independence}},
eprint = {\url{https://www.rdocumentation.org}}, 
organization = {R documentation},
language = {english}}

@Manual{Rfunction:lm,
title = {{Fitting Linear Models}},
note = {\url{https://stat.ethz.ch/R-manual/R-devel/library/stats/html/lm.html}},
eprint = {\url{https://www.rdocumentation.org}}, 
organization = {R documentation},
language = {english}}

@Manual{Rfunction:tolower,
title = {{Character Translation and Casefolding}},
note = {\url{https://stat.ethz.ch/R-manual/R-devel/library/base/html/chartr.html}},
eprint = {\url{https://www.rdocumentation.org}}, 
organization = {R documentation},
language = {english}}

@Manual{Rfunction:do.call,
title = {{Execute a Function Call}},
note = {\url{https://stat.ethz.ch/R-manual/R-devel/library/base/html/do.call.html}},
eprint = {\url{https://www.rdocumentation.org}}, 
organization = {R documentation},
language = {english}}

@Manual{Rfunction:eval,
title = {{Evaluate an (Unevaluated) Expression}},
note = {\url{https://stat.ethz.ch/R-manual/R-devel/library/base/html/eval.html}},
eprint = {\url{https://www.rdocumentation.org}}, 
organization = {R documentation},
language = {english}}

@Manual{Rfunction:optim,
title = {{General-purpose Optimization}},
note = {\url{https://stat.ethz.ch/R-manual/R-devel/library/stats/html/optim.html}},
eprint = {\url{https://www.rdocumentation.org}}, 
organization = {R documentation},
language = {english}}

@Manual{Rfunction:invisible,
title = {{Change the Print Mode to Invisible}},
note = {\url{https://stat.ethz.ch/R-manual/R-devel/library/base/html/invisible.html}},
eprint = {\url{https://www.rdocumentation.org}}, 
organization = {R documentation},
language = {english}}

@Manual{Rfunction:legend,
title = {{Add Legends to Plots}},
note = {\url{https://stat.ethz.ch/R-manual/R-devel/library/graphics/html/legend.html}},
eprint = {\url{https://www.rdocumentation.org}}, 
organization = {R documentation},
language = {english}}

@Manual{Rfunction:mtext,
title = {{Write Text into the Margins of a Plot}},
note = {\url{https://stat.ethz.ch/R-manual/R-devel/library/graphics/html/mtext.html}},
eprint = {\url{https://www.rdocumentation.org}}, 
organization = {R documentation},
language = {english}}

@Manual{Rfunction:try,
title = {{Try an Expression Allowing Error Recovery}},
note = {\url{https://stat.ethz.ch/R-manual/R-devel/library/base/html/try.html}},
eprint = {\url{https://www.rdocumentation.org}}, 
organization = {R documentation},
language = {english}}

@Manual{Rfunction:predict,
title = {{Predict method for Linear Model Fits}},
note = {\url{https://stat.ethz.ch/R-manual/R-devel/library/stats/html/predict.lm.html}},
eprint = {\url{https://www.rdocumentation.org}}, 
organization = {R documentation},
language = {english}}

@Manual{Rfunction:rbind,
title = {{Combine R Objects by Rows or Columns}},
note = {\url{https://stat.ethz.ch/R-manual/R-devel/library/base/html/cbind.html}},
eprint = {\url{https://www.rdocumentation.org}}, 
organization = {R documentation},
language = {english}}

@Manual{Rfunction:sample,
title = {{Random Samples and Permutations}},
note = {\url{https://stat.ethz.ch/R-manual/R-devel/library/base/html/sample.html}},
eprint = {\url{https://www.rdocumentation.org}}, 
organization = {R documentation},
language = {english}}

@Manual{Rfunction:sapply,
title = {{Apply a Function over a List or Vector}},
note = {\url{https://stat.ethz.ch/R-manual/R-devel/library/base/html/lapply.html}},
eprint = {\url{https://www.rdocumentation.org}}, 
organization = {R documentation},
language = {english}}

@misc{List_of_color_name,
title = {{Colors in R}},
note = {\url{http://www.stat.columbia.edu/~tzheng/files/Rcolor.pdf}}}

@misc{RQC2017,
title = {{R à Québec 2017}},
note = {\url{http://raquebec.ulaval.ca/2017/programme-r-a-quebec-2017}}}

@Manual{Rfunction:setseed,
title = {{Random Number Generation}},
note = {\url{https://stat.ethz.ch/R-manual/R-devel/library/base/html/Random.html}},
eprint = {\url{https://www.rdocumentation.org}},
organization = {R documentation},
language = {english}}

@Manual{Rfunction:read.csv,
title = {{Data Input}},
note = {\url{https://stat.ethz.ch/R-manual/R-devel/library/utils/html/read.table.html}},
eprint = {\url{https://www.rdocumentation.org}},
organization = {R documentation},
language = {english}}

@Manual{Rfunction:subset,
title = {{Subsetting Vectors, Matrices and Data Frames}},
note = {\url{https://stat.ethz.ch/R-manual/R-devel/library/base/html/subset.html}},
eprint = {\url{https://www.rdocumentation.org}},
organization = {R documentation},
language = {english}}

@Manual{Rfunction:plot,
title = {{Generic X-Y Plotting}},
note = {\url{https://stat.ethz.ch/R-manual/R-devel/library/graphics/html/plot.html}},
eprint = {\url{https://www.rdocumentation.org}},
organization = {R documentation},
language = {english}}

@Manual{Rfunction:par,
title = {{Set or Query Graphical Parameters}},
note = {\url{https://stat.ethz.ch/R-manual/R-devel/library/graphics/html/par.html}},
eprint = {\url{https://www.rdocumentation.org}},
organization = {R documentation},
language = {english}}

@Manual{Rfunction:density,
title = {{Kernel Density Estimation}},
note = {\url{https://stat.ethz.ch/R-manual/R-devel/library/stats/html/density.html}},
eprint = {\url{https://www.rdocumentation.org}},
organization = {R documentation},
language = {english}}

@Manual{Rfunction:abline,
title = {{Add Straight Lines to a Plot}},
note = {\url{https://stat.ethz.ch/R-manual/R-devel/library/graphics/html/abline.html}},
eprint = {\url{https://www.rdocumentation.org}},
organization = {R documentation},
language = {english}}

@Manual{Rfunction:fitdistr,
title = {{Maximum-likelihood Fitting of Univariate Distributions}},
note = {\url{https://stat.ethz.ch/R-manual/R-devel/library/MASS/html/fitdistr.html}},
eprint = {\url{https://www.rdocumentation.org}},
organization = {R documentation},
language = {english}}

@misc{repo:RAQ,
title = {{Introduction à R - Atelier du colloque R à Québec 2017 (GitHub)}},
note = {\url{https://github.com/vigou3/raquebec-intro}}}
