@misc{project:validSquamishTime,
title = {{Squamish Time}},
date = {Version: 2017-05-16},
note = {\url{https://www.google.ca/maps/place/Squamish,+BC/@49.4961102,-123.3281868,8.92z/data=!4m13!1m7!3m6!1s0x5486f815ac782d73:0xafa96868495a11db!2sSquamish,+BC!3b1!8m2!3d49.7016339!4d-123.1558121!3m4!1s0x5486f815ac782d73:0xafa96868495a11db!8m2!3d49.7016339!4d-123.1558121}}}

@misc{project:validPopulationCanada,
title = {{This Is How Empty Canada Really Is}},
date = {Version: 2017-05-16},
note = {\url{http://www.huffingtonpost.ca/2014/04/17/canada-empty-maps_n_5169055.html}}}

@misc{project:validDistanceYULYQB,
title = {{The flight distance from YUL to YQB}},
date = {Version: 2017-05-16},
note = {\url{http://www.travelmath.com/flying-distance/from/YUL/to/YQB}}}

@misc{project:validVolMTLTOR,
title = {{Vol Montréal – Toronto? Le train, une meilleure option.}},
date = {Version: 2017-05-16},
note = {\url{http://www.viarail.ca/fr/decouvrez-nos-destinations/trains/quebec-et-ontario/montreal-toronto/train-vol}}}

@misc{project:Kg2Lbs,
title = {{Kilogrammes en Livres}},
date = {Version: 2017-05-16},
note = {\url{http://www.metric-conversions.org/fr/poids/kilogrammes-en-livres.htm}}}

@misc{project:discountTaxes,
title = {{How Sales Tax Applies to Discounts, Coupons & Promotions}},
date = {Version: 2017-05-16},
note = {\url{http://blog.taxjar.com/sales-tax-discounts-coupons-promotions/}}}

@misc{project:validShippingPrices,
title = {{Get Rates & Transit Times}},
date = {Version: 2017-05-16},
note = {\url{https://www.fedex.com/ratefinder/home?source=gh&cc=ca&language=en}},
eprint = {\url{http://www.fedex.com/ca_english/}}}

@misc{project:validCruisingSpeed,
title = {{Parc aérien d'Air Canada}},
date = {Version: 2017-05-27},
note = {\url{https://www.aircanada.com/ca/fr/aco/home/fly/onboard/fleet.html}}}

@misc{project:validDistanceYULYVR,
title = {{Air Miles Calculator}},
date = {Version: 2017-05-27},
note = {\url{http://www.airmilescalculator.com/distance/yul-to-yvr/}}}

@Misc{project:taxesCanada,
title = {{Harmonized sales tax calculator GST / PST or HST}},
note = {\url{http://www.calculconversion.com/sales-tax-calculator-hst-gst.html}},
date = {2017},
language = {english}}
