@misc{python:timezonefinder,
title = {{timezonefinder 2.1.0}},
author = {{J. Michelfeit}},
note = {\url{https://pypi.python.org/pypi/timezonefinder}}}
