@misc{ OpenFlightsData,
title = {{OpenFlights}},
note = {\url{https://openflights.org/data.html}}}

@misc{ GitHub,
title = {{GitHub}},
note = {\url{https://github.com/}}}

@misc{ CSVDAT,
title = {{CSV vs. Delimited Flat Files: How to Choose}},
note = {\url{http://www.thoughtspot.com/blog/csv-vs-delimited-flat-files-how-choose}}}

@misc{ Goulet,
title = {{Introduction à la programmation en R}},
note = {\url{https://cran.r-project.org/doc/contrib/Goulet_introduction_programmation_R.pdf}}}

@misc{ portailSIG,
title = {{A quoi correspondent les extensions *.shp, *.dbf, *.prj, *.sbn, *.sbx et *.shx ?}},
note = {\url{http://www.portailsig.org/content/quoi-correspondent-les-extensions-shp-dbf-prj-sbn-sbx-et-shx}}}

@misc{ projectionSIG,
title = {{Projection (Système de)}},
note = {\url{http://www.emse.fr/tice/uved/SIG/Glossaire/co/Projection.html}}}

@misc{ SQL,
title = {{Structured Query Language (SQL)}},
note = {\url{https://fr.wikipedia.org/wiki/Structured_Query_Language}}}

@misc{ fontAwesome,
title = {{Font Awesome - The iconic font and CSS toolkit}},
note = {\url{http://fontawesome.io/}}}

@misc{ leaflet,
title = {{Package ‘leaflet’}},
note = {\url{https://cran.r-project.org/web/packages/leaflet/leaflet.pdf}}}

@misc{ doxygen,
title = {{Doxygen}},
note = {\url{http://www.stack.nl/~dimitri/doxygen/}}}

@misc{ roxygen2,
title = {{roxygen2}},
note = {\url{http://roxygen.org/}}}

@misc{ distStatsR,
title = {{Probabilités et Statistique avec R}},
note = {\url{http://ljk.imag.fr/membres/Bernard.Ycart/mel/dr/node7.html}}}

@misc{ testStatsR,
title = {{Tests statistiques avec R}},
note = {\url{http://www.sthda.com/french/wiki/tests-statistiques-avec-r}}}

@misc{ outputLM,
title = {{Quick Guide: Interpreting Simple Linear Model Output in R}},
note = {\url{http://feliperego.github.io/blog/2015/10/23/Interpreting-Model-Output-In-R}}}

@Manual{ optim,
title = {{Programmer en R/Optimiser une fonction}},
note = {\url{https://fr.wikibooks.org/wiki/Programmer_en_R/Optimiser_une_fonction}},
eprint = {\url{https://www.rdocumentation.org}},
organization = {R documentation},
language = {english}}

@Manual{ optimR,
title = {{General-purpose Optimization}},
note = {\url{https://stat.ethz.ch/R-manual/R-devel/library/stats/html/optim.html}},
eprint = {\url{https://www.rdocumentation.org}},
organization = {R documentation},
language = {english}}

@Manual{ MASS,
title = {{Maximum-likelihood Fitting of Univariate Distributions}},
note = {\url{https://stat.ethz.ch/R-manual/R-devel/library/MASS/html/fitdistr.html}},
eprint = {\url{https://www.rdocumentation.org}},
organization = {R documentation},
language = {english}}

@misc{ codingGame,
title = {{Top Programming Languages to Learn in 2017}},
note = {\url{https://www.codingame.com/blog/top-programming-languages-to-learn-in-2017/}}}

@misc{ leafletjs,
title = {{An Open-Source JavaScript Library
for Mobile-Friendly Interactive Maps}},
note = {\url{http://leafletjs.com/}}}

@misc{ dplyrVSsqldf,
title = {{R Data Frames - dplyr vs sqldf}},
note = {\url{http://www.starkingdom.co.uk/r-data-frames-dplyr-vs-sqldf/}}}

@misc{ htmlTable,
title = {{w3schools.com - HTML Tables}},
note = {\url{https://www.w3schools.com/html/html_tables.asp}}}

@misc{ timezone-boundary-builder,
title = {{timezone-boundary-builder}},
author = {{Evan Siroky}},
note = {\url{https://github.com/evansiroky/timezone-boundary-builder}}}

@misc{ openFlightsGitHub,
title = {{openflights}},
author = {{Jani Patokallio}},
note = {\url{https://github.com/jpatokal/openflights}}}

@misc{ timeanddate,
title = {{Time Zone Map}},
note = {\url{https://www.timeanddate.com/time/map/#!cities=574}}}