@misc{sql:wiki,
title = {{Structured Query Language (SQL)}},
note = {\url{https://fr.wikipedia.org/wiki/Structured_Query_Language}}}
