@misc{tools:github,
title = {{GitHub}},
note = {\url{https://github.com/}}}

@misc{tools:isbn2bibtex,
title = {{ISBN to BibTeX Converter}},
author = {{Manas Tungare}},
note = {{\url{https://manas.tungare.name/software/isbn-to-bibtex/}}}}

@misc{tools:Doxygen,
title = {{Doxygen}},
note = {\url{http://www.stack.nl/~dimitri/doxygen/}}}

@misc{tools:timezoneMap,
title = {{Time Zone Map}},
note = {\url{https://www.timeanddate.com/time/map/#!cities=574}}}
