@Misc{ Data:tz worlwide,
title = {A shapefile of the TZ timezones of the world},
url = {http://efele.net/maps/tz/world/},
date = {2016},
author = {Eric Muller}
}

@Misc{ Data:Boundary Files,
title = {Boundary Files, Reference Guide}, 
url = {http://www.statcan.gc.ca/pub/92-160-g/92-160-g2011002-eng.htm},
date = {2011},
author = {Statistics Canada}
}

@Misc{ Taxes Canada,
title = {Harmonized sales tax calculator GST / PST or HST},
url = {http://www.calculconversion.com/sales-tax-calculator-hst-gst.html},
date = {2017}
}

@Misc{ Data:Benchmark,
url = {https://github.com/vigou3/raquebec-intro/blob/master/Reference/benchmark.csv},
date = {2017},
author = {David Beauchemin and Samuel Cabral Cruz}
}

@Misc{ Data:Airport worlwide,
title = {Airport database},
url = {https://raw.githubusercontent.com/jpatokal/openflights/master/data/airports.dat},
date = {2017},
author = {Jani Patokallio}
}

@Misc{ Data:Route worlwide,
title = {Route database},
url = {https://raw.githubusercontent.com/jpatokal/openflights/master/data/routes.dat},
date = {2012},
author = {Jani Patokallio}
}

@Misc{ Data:Airline worldwide,
title = {Airline database},
url = {https://raw.githubusercontent.com/jpatokal/openflights/master/data/airlines.dat},
date = {2012},
author = {Jani Patokallio}
}

