@Manual{ setwd ,
title = {Get or Set Working Directory},
url = {https://stat.ethz.ch/R-manual/R-devel/library/base/html/getwd.html},
organization = {R documentation},
language = {english}}

@Manual{ table,
title = {Cross Tabulation and Table Creation},
url = {https://stat.ethz.ch/R-manual/R-devel/library/base/html/table.html},
organization = {R documentation},
language = {english}}

@Manual{ substr,
title = {Substrings of a Character Vector},
url = {https://stat.ethz.ch/R-manual/R-devel/library/base/html/substr.html},
organization = {R documentation},
language = {english}}

@Manual{ ,
title = {},
url = {https://stat.ethz.ch/R-manual/R-devel/library/base/html/character.html},
organization = {R documentation},
language = {english}}

@Manual{ as.character,
title = {Character Vectors},
url = {https://stat.ethz.ch/R-manual/R-devel/library/base/html/character.html},
organization = {R documentation},
language = {english}}

@Manual{ as.factor ,
title = {Factors},
url = {https://stat.ethz.ch/R-manual/R-devel/library/base/html/factor.html},
organization = {R documentation},
language = {english}}

@Manual{ as.numeric,
title = {Numeric Vectors},
url = {https://stat.ethz.ch/R-manual/R-devel/library/base/html/numeric.html},
organization = {R documentation},
language = {english}}

@Manual{ over,
author = {Edzer Pebesma}
title = {Map overlay and
spatial aggregation in sp},
url = {https://cran.r-project.org/web/packages/sp/vignettes/over.pdf},
organization = {R documentation},
language = {english}}

@Manual{ readOGR,
title = {Read OGR Vector Maps Into Spatial Objects},
url = {https://www.rdocumentation.org/packages/rgdal/versions/1.2-7/topics/readOGR},
organization = {R documentation},
language = {english}}

@Manual{ SpatialPoints,
author = {Edzer Pebesma and Roger S. Bivand}
title = {Classes and Methods for Spatial Data:
the sp Package},
url = {https://cran.r-project.org/web/packages/sp/vignettes/intro_sp.pdf},
organization = {R documentation},
language = {english}}

@Manual{ CSR,
title = {Class "CRS" Of Coordinate Reference System Arguments},
url = {https://www.rdocumentation.org/packages/sp/versions/1.2-4/topics/CRS-class},
organization = {R documentation},
language = {english}}

@Manual{ rename,
title = {Modify Names By Name, Not Position.},
url = {https://www.rdocumentation.org/packages/plyr/versions/1.8.4/topics/rename},
organization = {R documentation},
language = {english}}

@Manual{ sql,
title = {Structured Query Language},
url = {https://fr.wikipedia.org/wiki/Structured_Query_Language},
organization = {Wikipédia},
language = {english}}

@Manual{ as.matrix,
title = {Matrices},
url = {https://stat.ethz.ch/R-manual/R-devel/library/base/html/matrix.html},
organization = {R documentation},
language = {english}}

@Manual{ ,
title = {Extract Unique Elements},
url = {https://stat.ethz.ch/R-manual/R-devel/library/base/html/unique.html},
organization = {R documentation},
language = {english}}

@Manual{ get_map,
title = {Grab A Map},
url = {https://www.rdocumentation.org/packages/ggmap/versions/2.6.1/topics/get_map},
organization = {R documentation},
language = {english}}

@Manual{ paste,
title = {Concatenate Strings},
url = {https://stat.ethz.ch/R-manual/R-devel/library/base/html/paste.html},
organization = {R documentation},
language = {english}}

@Manual{ geom_point,
title = {geom_point},
url = {http://svitsrv25.epfl.ch/R-doc/library/ggplot2/html/geom_point.html},
organization = {R documentation},
language = {english}}

@Manual{ geom_segment,
title = {geom_segment},
url = {http://svitsrv25.epfl.ch/R-doc/library/ggplot2/html/geom_segment.html},
organization = {R documentation},
language = {english}}

@Manual{ ecdf,
title = {Empirical Cumulative Distribution Function},
url = {https://stat.ethz.ch/R-manual/R-devel/library/stats/html/ecdf.html},
organization = {R documentation},
language = {english}}

@Manual{ format,
title = {Encode in a Common Format},
url = {https://stat.ethz.ch/R-manual/R-devel/library/base/html/format.html},
organization = {R documentation},
language = {english}}

@Manual{ par,
title = {Set or Query Graphical Parameters},
url = {https://stat.ethz.ch/R-manual/R-devel/library/graphics/html/par.html},
organization = {R documentation},
language = {english}}

@Manual{ curve,
title = {Draw Function Plots},
url = {https://www.math.ucla.edu/~anderson/rw1001/library/base/html/curve.html},
organization = {R documentation},
language = {english}}

@Manual{ stop,
title = {Stop Function Execution},
url = {https://stat.ethz.ch/R-manual/R-devel/library/base/html/stop.html},
organization = {R documentation},
language = {english}}

@Misc{ Vitesse croisière d'un Airbus A320-200,
url = {https://www.aircanada.com/ca/fr/aco/home/fly/onboard/fleet.html},
note = {Section Caractéristiques techniques}
}

@Manual{ ms,
title = {Create A Period With The Specified Number Of Minutes And Seconds},
url = {https://www.rdocumentation.org/packages/lubridate/versions/1.3.0/topics/ms},
organization = {R documentation},
language = {english}}

@Manual{ with_tz,
title = {Get Date-Time In A Different Time Zone},
url = {https://www.rdocumentation.org/packages/lubridate/versions/1.6.0/topics/with_tz},
organization = {R documentation},
language = {english}}

@Manual{ Sys.time,
title = {Get Current Date and Time},
url = {https://stat.ethz.ch/R-manual/R-devel/library/base/html/Sys.time.html},
organization = {R documentation},
language = {english}}

@Manual{ as.POSIX,
title = {Date-time Conversion Functions},
url = {https://stat.ethz.ch/R-manual/R-devel/library/base/html/as.POSIXlt.html},
organization = {R documentation},
language = {english}}

@Manual{ sub,
title = {Pattern Matching and Replacement},
url = {http://astrostatistics.psu.edu/su07/R/html/base/html/grep.html},
organization = {R documentation},
language = {english}}

@Manual{ getURL,
title = {Download A URI},
url = {https://www.rdocumentation.org/packages/RCurl/versions/1.95-4.8/topics/getURL},
organization = {R documentation},
language = {english}}

@Manual{ ifelse,
title = {Conditional Element Selection},
url = {https://stat.ethz.ch/R-manual/R-devel/library/base/html/ifelse.html},
organization = {R documentation},
language = {english}}

@Manual{ switch,
title = {Select One of a List of Alternatives},
url = {https://stat.ethz.ch/R-manual/R-devel/library/base/html/switch.html},
organization = {R documentation},
language = {english}}

@Manual{ pmax,
title = {Maxima and Minima},
url = {https://stat.ethz.ch/R-manual/R-devel/library/base/html/Extremes.html},
organization = {R documentation},
language = {english}}

@Manual{ text,
title = {Add Text to a Plot},
url = {https://stat.ethz.ch/R-manual/R-devel/library/graphics/html/text.html},
organization = {R documentation},
language = {english}}

@Manual{ ,
title = {Histograms},
url = {https://stat.ethz.ch/R-manual/R-devel/library/graphics/html/hist.html},
organization = {R documentation},
language = {english}}

@Manual{ plot,
title = {Generic X-Y Plotting},
url = {https://stat.ethz.ch/R-manual/R-devel/library/graphics/html/plot.html},
organization = {R documentation},
language = {english}}

@Manual{ cut,
title = {Convert Numeric to Factor},
url = {https://stat.ethz.ch/R-manual/R-devel/library/base/html/cut.html},
organization = {R documentation},
language = {english}}

@Manual{ chisq.test,
title = {Pearson's Chi-squared Test for Count Data},
url = {https://stat.ethz.ch/R-manual/R-devel/library/stats/html/chisq.test.html},
organization = {R documentation},
language = {english}}

@Manual{ cor,
title = {Correlation, Variance and Covariance (Matrices)},
url = {https://stat.ethz.ch/R-manual/R-devel/library/stats/html/cor.html},
organization = {R documentation},
language = {english}}

@Manual{ lm,
title = {Fitting Linear Models},
url = {https://stat.ethz.ch/R-manual/R-devel/library/stats/html/lm.html},
organization = {R documentation},
language = {english}}

@Manual{ optim,
title = {General-purpose Optimization},
url = {https://stat.ethz.ch/R-manual/R-devel/library/stats/html/optim.html},
organization = {R documentation},
language = {english}}

@Manual{ legend,
title = {Add Legends to Plots},
url = {https://stat.ethz.ch/R-manual/R-devel/library/graphics/html/legend.html},
organization = {R documentation},
language = {english}}
