@book{booksR:Goulet:introR,
title = {{Introduction à la programmation en R}},
author = {{Vincent Goulet}},
publisher = {{Bibliothèque et Archives Canada}},
year = {2016},
ISBN = {978-2-9811416-6-8},
url = {\url{https://cran.r-project.org/doc/contrib/Goulet_introduction_programmation_R.pdf}}}