@misc{dplyrVSsqldf,
title = {{R Data Frames - dplyr vs sqldf}},
note = {\url{http://www.starkingdom.co.uk/r-data-frames-dplyr-vs-sqldf/}}}
