@misc{genR:factor2numeric,
title = {{How to convert a factor to an integer\numeric without a loss of information?}},
date = {Version: 2017-05-16},
note = {\url{http://stackoverflow.com/questions/3418128/how-to-convert-a-factor-to-an-integer-numeric-without-a-loss-of-information}},
eprint = {\url{https://stackexchange.com/sites?expand=true#}}}

@misc{genR:objectIdentification,
title = {{R object identification}},
date = {Version: 2017-05-16},
note = {\url{http://stackoverflow.com/questions/1177926/r-object-identification}},
eprint = {\url{https://stackexchange.com/sites?expand=true#}}}

@misc{genR:orOperators,
title = {{What is the difference between the | and || or operators?}},
date = {Version: 2017-05-16},
note = {\url{http://stackoverflow.com/questions/35301/what-is-the-difference-between-the-and-or-operators}},
eprint = {\url{https://stackexchange.com/sites?expand=true#}}}

@misc{genR:lapplyStopPrinting,
title = {{Stop lapply from printing to console}},
date = {Version: 2017-05-16},
note = {\url{http://stackoverflow.com/questions/12984991/stop-lapply-from-printing-to-console}},
eprint = {\url{https://stackexchange.com/sites?expand=true#}}}

@misc{genR:updatingR,
title = {{Updating R from R (on Windows) â€“ using the {installr} package}},
note = {\url{https://www.r-statistics.com/2013/03/updating-r-from-r-on-windows-using-the-installr-package/}}}

@misc{genR:scrapingCRAN,
title = {{Scraping CRAN with rvest}},
note = {\url{https://juliasilge.com/blog/scraping-cran/}}}