@misc{geoR:openShpFileR,
title = {{How to open a Shapefile in R?}},
date = {Version: 2017-05-16},
note = {\url{https://gis.stackexchange.com/questions/19064/how-to-open-a-shapefile-in-r}},
eprint = {\url{https://stackexchange.com/sites?expand=true#}}}

@misc{geoR:fallWithinPolygon,
title = {{Checking if points fall within polygon Shapefile}},
date = {Version: 2017-05-16},
note = {\url{https://gis.stackexchange.com/questions/133625/checking-if-points-fall-within-polygon-shapefile}},
eprint = {\url{https://stackexchange.com/sites?expand=true#}}}

@misc{geoR:overPolygonAnalysis,
title = {{sp::over() for point in polygon analysis}},
date = {Version: 2017-05-16},
note = {\url{http://stackoverflow.com/questions/19002744/spover-for-point-in-polygon-analysis}},
eprint = {\url{https://stackexchange.com/sites?expand=true#}}}

@misc{geoR:mapsWithR,
title = {{Making Maps with R}},
date = {Version: 2017-05-16},
note = {\url{http://www.molecularecologist.com/2012/09/making-maps-with-r/}}}

@misc{geoR:mapSegment,
title = {{Enriching a ggplot2 plot with multiple geom_segment in a loop?}},
date = {Version: 2017-05-16},
note = {\url{http://stackoverflow.com/questions/24617414/enriching-a-ggplot2-plot-with-multiple-geom-segment-in-a-loop}},
eprint = {\url{https://stackexchange.com/sites?expand=true#}}}

@misc{geoR:adjustScaleArea,
title = {{ggplot2: how to manually adjust scale_area}},
date = {Version: 2017-05-16},
note = {\url{http://stackoverflow.com/questions/11517411/ggplot2-how-to-manually-adjust-scale-area}},
eprint = {\url{https://stackexchange.com/sites?expand=true#}}}

@misc{geoR:variableSizeScatterPlot,
title = {{Increase the size of variable-size points in ggplot2 scatter plot [duplicate]}},
date = {Version: 2017-05-16},
note = {\url{http://stackoverflow.com/questions/20251119/increase-the-size-of-variable-size-points-in-ggplot2-scatter-plot}},
eprint = {\url{https://stackexchange.com/sites?expand=true#}}}

