@misc{graphR:3DPlot,
title = {{Interactive 3d plot, in R}},
date = {Version: 2017-05-16},
note = {\url{https://www.r-bloggers.com/interactive-3d-plot-in-r/}},
eprint = {\url{https://www.r-bloggers.com}}}

@misc{graphR:3DPlotWithoutPause,
title = {{How to install and use scatter3d without pause in R 3.3.2?}},
date = {Version: 2017-05-16},
note = {\url{https://unix.stackexchange.com/questions/333747/how-to-install-and-use-scatter3d-without-pause-in-r-3-3-2}},
eprint = {\url{https://stackexchange.com/sites?expand=true#}}}

@misc{graphR:3DPlotInteractive,
title = {{Amazing interactive 3D scatter plots - R software and data visualization}},
date = {Version: 2017-05-16},
note = {\url{http://www.sthda.com/english/wiki/amazing-interactive-3d-scatter-plots-r-software-and-data-visualization}},
eprint = {\url{https://stackexchange.com/sites?expand=true#}}}

@misc{graphR:distinctiveColors,
title = {{How to generate a number of most distinctive colors in R?}},
date = {Version: 2017-05-16},
note = {\url{http://stackoverflow.com/questions/15282580/how-to-generate-a-number-of-most-distinctive-colors-in-r}},
eprint = {\url{https://stackexchange.com/sites?expand=true#}}}
