@misc{modelR:fittingDistribution,
title = {{Fitting distributions with R}},
date = {Version: 2017-05-16},
note = {\url{http://www.magesblog.com/2011/12/fitting-distributions-with-r.html}}}

@misc{modelR:outputLM,
title = {{Quick Guide: Interpreting Simple Linear Model Output in R}},
note = {\url{http://feliperego.github.io/blog/2015/10/23/Interpreting-Model-Output-In-R}}}

@Manual{modelR:fitdistr,
title = {{Maximum-likelihood Fitting of Univariate Distributions}},
note = {\url{https://stat.ethz.ch/R-manual/R-devel/library/MASS/html/fitdistr.html}}}
