@Manual{optimR:optim,
title = {{General-purpose Optimization}},
note = {\url{https://stat.ethz.ch/R-manual/R-devel/library/stats/html/optim.html}}}
