@misc{webR:readHTMLTable,
title = {{Reading HTML pages in R for text processing}},
date = {Version: 2017-05-16},
note = {\url{https://www.r-bloggers.com/reading-html-pages-in-r-for-text-processing/}},
eprint = {\url{https://www.r-bloggers.com}}}
